% Encoding: UTF-8

@article{community,
	title={A Roadmap for HEP Software and Computing R\&D for the 2020s},
	author={Alves Jr, Antonio Augusto and Amadio, Guilherme and Anh-Ky, Nguyen and Aphecetche, Laurent and Apostolakis, John and Asai, Makoto and Atzori, Luca and Babik, Marian and Bagliesi, Giuseppe and Bandieramonte, Marilena and others},
	journal={arXiv preprint arXiv:1712.06982},
	year={2017}
}

@article{BECKER20093,
	title = "The Palladio component model for model-driven performance prediction",
	journal = "Journal of Systems and Software",
	volume = "82",
	number = "1",
	pages = "3 - 22",
	year = "2009",
	note = "Special Issue: Software Performance - Modeling and Analysis",
	issn = "0164-1212",
	doi = "https://doi.org/10.1016/j.jss.2008.03.066",
	url = "http://www.sciencedirect.com/science/article/pii/S0164121208001015",
	author = "Steffen Becker and Heiko Koziolek and Ralf Reussner",
	keywords = "Component-based software engineering, Software architecture, Performance prediction"
}
@article{becker2013simulizar,
	title={SimuLizar: Design-Time Modeling and Performance Analysis of Self-Adaptive Systems.},
	author={Becker, Matthias and Becker, Steffen and Meyer, Joachim},
	journal={Software Engineering},
	volume={213},
	pages={71--84},
	year={2013}
}

@inproceedings{arch,
	title={Approaching the cloud: Using palladio for scalability, elasticity, and efficiency analyses},
	author={Lehrig, Sebastian and Becker, Matthias},
	booktitle={Proceedings of the Symposium on Software Performance},
	pages={26--28},
	year={2014}
}

@inproceedings{rapidtesting,
	title={Rapid Testing of IaaS Resource Management Algorithms via Cloud Middleware Simulation},
	author={Christian Stier and Jörg Domaschka and Anne Koziolek and Sebastian Krach and Jakub Krzywda and Ralf Reussner},
	booktitle={ACM / SPEC International Conference on Performance Engineering (ICPE’18)},
	year={2018},
	organization={ICPE}
}

@techreport{monarc2000models,
	title={Models of Networked Analysis at Regional Centres for LHC experiments: Phase 2 report},
	author={Monarc Collaboration and others},
	year={2000},
	institution={Technical Report CERN/LCB-001, CERN, 2000. http://www.cern.ch/MONARC}
}

@article{1742-6596-331-7-072038,
	author={Zach and Betev and Adamová and the ALICE Collaboration},
	title={Simulation of the job processing performance at an ALICE Tier-2 site with MONARC},
	journal={Journal of Physics: Conference Series},
	volume={331},
	number={7},
	pages={072038},
	url={http://stacks.iop.org/1742-6596/331/i=7/a=072038},
	year={2011},
	abstract={The MONARC (MOdels of Networked Analysis at Regional Centers) framework has been developed and designed with the aim to provide a tool for realistic simulations of large scale distributed computing systems, with a special focus on the Grid systems of the experiments at the CERN LHC. In this paper, we describe a usage of the MONARC framework and tools for a simulation of the job processing performance at an ALICE Tier-2 site.}
}

@article{simgrid,
	hal_id = {hal-01017319},
	url = {http://hal.inria.fr/hal-01017319},
	title = {Versatile, Scalable, and Accurate Simulation of Distributed Applications and Platforms},
	author = {Casanova, Henri and Giersch, Arnaud and Legrand, Arnaud and Quinson, Martin and Suter, Fr{\'e}d{\'e}ric},
	publisher = {Elsevier},
	pages = {2899-2917},
	journal = {Journal of Parallel and Distributed Computing},
	volume = {74},
	number = {10},
	year = {2014},
	month = Jun,
	pdf = {http://hal.inria.fr/hal-01017319/PDF/simgrid3-journal.pdf},
}

@article{cloudsim,
	title={CloudSim: a toolkit for modeling and simulation of cloud computing environments and evaluation of resource provisioning algorithms},
	author={Calheiros, Rodrigo N and Ranjan, Rajiv and Beloglazov, Anton and De Rose, C{\'e}sar AF and Buyya, Rajkumar},
	journal={Software: Practice and experience},
	volume={41},
	number={1},
	pages={23--50},
	year={2011},
	publisher={Wiley Online Library}
}

@INPROCEEDINGS{cactos,
	author={P. O. {\"O}stberg and H. Groenda and S. Wesner and J. Byrne and D. S. Nikolopoulos and C. Sheridan and J. Krzywda and A. Ali-Eldin and J. Tordsson and E. Elmroth and C. Stier and K. Krogmann and J. Domaschka and C. B. Hauser and P. J. Byrne and S. Svorobej and B. Mccollum and Z. Papazachos and D. Whigham and S. Rüth and D. Paurevic},
	booktitle={2014 IEEE 6th International Conference on Cloud Computing Technology and Science},
	title={The CACTOS Vision of Context-Aware Cloud Topology Optimization and Simulation},
	year={2014},
	volume={},
	number={},
	pages={26-31},
	keywords={cloud computing;computer centres;optimisation;resource allocation;ubiquitous computing;CACTOS vision;cloud computing;context-aware cloud topology optimization;data center resource;Computational modeling;Data models;Hardware;Monitoring;Optimization;Topology;Virtual machining;Cloud infrastructure optimization;autonomic computing;cloud modelling;cloud monitoring;cloud simulation},
	doi={10.1109/CloudCom.2014.62},
	ISSN={},
	month={Dec},
}

@inproceedings{lhcb,
	title={The LHCb Grid Simulation: Proof of Concept},
	author={Hushchyn, Mikhail and Ustyuzhanin, Andrey and Arzymatov, Kenenbek and Roiser, Stefan and Baranov, Alexander},
	booktitle={Journal of Physics: Conference Series},
	volume={898},
	number={5},
	pages={052020},
	year={2017},
	organization={IOP Publishing}
}

@inproceedings{jinr,
	title={The JINR Tier1 Site Simulation for Research and Development Purposes},
	author={Korenkov, V and Nechaevskiy, A and Ososkov, G and Pryahina, D and Trofimov, V and Uzhinskiy, A and Voytishin, N},
	booktitle={EPJ Web of Conferences},
	volume={108},
	pages={02033},
	year={2016},
	organization={EDP Sciences}
}

@software{cmsspark,
  author       = {Valentin Kuznetsov and
                  Justinas Rumševičius and
                  David Lange and
                  dciangot},
  title        = {CMSSpark},
  month        = aug,
  year         = 2018,
  doi          = {10.5281/zenodo.1401228},
  url          = {https://doi.org/10.5281/zenodo.1401228}
}

@software{WMArchiveWorkloadArchive2018,
  title = {{{WMArchive}}: {{Workload Archive}} Project},
  url = {https://github.com/dmwm/WMArchive},
  shorttitle = {{{WMArchive}}},
  organization = {{dmwm}},
  urldate = {2018-08-12},
  date = {2018-05-31T11:48:20Z},
  origdate = {2015-12-08T16:01:58Z}
}
